@book{braude,
  title={Software engineering: modern approaches 2nd edition},
  author={Braude, Eric J and Bernstein, Michael E},
  year={2011},
  publisher={Waveland Press}
}
@book{KrollKruchtenEasy,
  Author = {Per Kroll and Philippe Kruchten},
  Title = {The Rational Unified Process Made Easy: A Practitioner's Guide to the RUP: A Practitioner's Guide to the RUP},
  Publisher = {Addison-Wesley Professional},
  Year = {2003},
  ISBN = {0321166094},
  URL = {https://www.amazon.com/Rational-Unified-Process-Made-Easy/dp/0321166094?SubscriptionId=0JYN1NVW651KCA56C102&tag=techkie-20&linkCode=xm2&camp=2025&creative=165953&creativeASIN=0321166094}
}
@misc{cowan, 
title={Avoid, Accept, or Transfer? Understanding and Managing Risk}, 
url={https://www.cowangroup.ca/en/news/article/avoid-accept-or-transfer-understanding-and-managing-risk}, 
journal={News | Cowan Insurance Group}, 
year={2013}, 
month={Dec}
}
@misc{PrinciplesPatterns,
  Title= {Design Principles and Design Patterns},
  Author= {Robert C. Martin},
  Year = {2000},
  URL = {https://web.archive.org/web/20150906155800/http://www.objectmentor.com/resources/articles/Principles_and_Patterns.pdf}
}
@misc{CowboyCoding, 
title={Cowboy Coding}, 
url={https://en.wikipedia.org/wiki/Cowboy_coding}, 
journal={Wikipedia}, 
year={2018}, 
month={May}
}
@book{EssentialScrum,
  Author = {Kenneth S. Rubin},
  Title = {Essential Scrum: A Practical Guide to the Most Popular Agile Process (Addison-Wesley Signature Series (Cohn))},
  Publisher = {Addison-Wesley Professional},
  Year = {2012},
  ISBN = {0137043295},
  URL = {https://www.amazon.com/Essential-Scrum-Practical-Addison-Wesley-Signature/dp/0137043295?SubscriptionId=0JYN1NVW651KCA56C102&tag=techkie-20&linkCode=xm2&camp=2025&creative=165953&creativeASIN=0137043295}
}
@misc{RemotelabHIBU,
author = {Hibu nå USN},
title = {Remote laboratories for Department of Technology - Buskerud University College},
url = {http://rlab.hibu.no/},
month = {},
year = {}
}
@misc{ISTQB,
author = {International Software Testing Qualifications Board},
title = {Microsoft Word - ISTQB\_CTFL\_Syll 2011.docx},
url = {https://www.istqb.org/downloads/send/2-foundation-level-documents/3-foundation-level-syllabus-2011.html%20},
month = {},
year = {2011}
}
@book{UP,
  Author = {Philippe Kruchten},
  Title = {The Rational Unified Process An Introduction Third Edition},
  Publisher = {Addison-Wesley Professional},
  Year = {2003},
  ISBN = {0321197704},
  chapter = {12}
}
@misc{Unittest,
author = {},
title = {Unit testing - Wikipedia},
url = {https://en.wikipedia.org/wiki/Unit_testing},
month = {},
year = {}
}
@misc{PHPWhatcan,
author = {},
title = {PHP: What can PHP do? - Manual},
url = {http://php.net/manual/en/intro-whatcando.php},
month = {},
year = {}
}
@misc{PHPWhatis,
author = {},
title = {PHP: What is PHP? - Manual},
url = {http://php.net/manual/en/intro-whatis.php},
month = {},
year = {}
}
@misc{Nodejs,
author = {},
title = {Node.js},
url = {https://nodejs.org/en/},
month = {},
year = {}
}
@misc{ExpressMDN,
author = {},
title = {Express/Node introduction - Learn web development | MDN},
url = {https://developer.mozilla.org/en-US/docs/Learn/Server-side/Express_Nodejs/Introduction},
month = {},
year = {}
}
@misc{AboutNode,
author = {},
title = {About | Node.js},
url = {https://nodejs.org/en/about/},
month = {},
year = {}
}
@misc{NodeEventLoop,
author = {},
title = {The Node.js Event Loop, Timers, and process.nextTick() | Node.js},
url = {https://nodejs.org/en/docs/guides/event-loop-timers-and-nexttick/#what-is-the-event-loop},
month = {},
year = {}
}
@misc{HTTPNode,
author = {},
title = {HTTP | Node.js v10.1.0 Documentation},
url = {https://nodejs.org/api/http.html#http_http},
month = {},
year = {}
}
@misc{ExpressOpinionated,
author = {},
title = {Express/Node introduction - Learn web development | MDN},
url = {https://developer.mozilla.org/en-US/docs/Learn/Server-side/Express_Nodejs/Introduction%20#Is_Express_opinionated},
month = {},
year = {}
}
@misc{Expressjs,
author = {},
title = {GitHub - expressjs/express: Fast, unopinionated, minimalist web framework for node.},
url = {https://github.com/expressjs/express#features},
month = {},
year = {}
}
@misc{Pug,
author = {},
title = {GitHub - pugjs/pug: Pug – robust, elegant, feature rich template engine for Node.js},
url = {https://github.com/pugjs/pug},
month = {},
year = {}
}
@misc{PugConditions,
author = {},
title = {Conditionals – Pug},
url = {https://pugjs.org/language/conditionals.html},
month = {},
year = {}
}
@misc{ExpressGenerator,
author = {},
title = {Express application generator},
url = {https://expressjs.com/en/starter/generator.html},
month = {},
year = {}
}
@misc{JSAbout,
author = {},
title = {About JavaScript - JavaScript | MDN},
url = {https://developer.mozilla.org/en-US/docs/Web/JavaScript/About_JavaScript},
month = {},
year = {}
}
@misc{WhatisJS,
author = {},
title = {What is JavaScript? - Learn web development | MDN},
url = {https://developer.mozilla.org/en-US/docs/Learn/JavaScript/First_steps/What_is_JavaScript},
month = {},
year = {}
}
@misc{HTML,
author = {},
title = {HTML 5.2: 1. Introduction},
url = {https://www.w3.org/TR/html5/introduction.html#introduction},
month = {},
year = {}
}
@misc{CSS,
author = {},
title = {Cascading Style Sheets},
url = {https://www.w3.org/Style/CSS/},
month = {},
year = {}
}
@misc{Bootstrap4,
author = {},
title = {Bootstrap Get Started},
url = {https://www.w3schools.com/bootstrap/bootstrap_get_started.asp},
month = {},
year = {}
}
@misc{FileSystem,
author = {},
title = {File System | Node.js v10.1.0 Documentation},
url = {https://nodejs.org/api/fs.html#fs_file_system},
month = {},
year = {}
}
@misc{FSWatch,
author = {},
title = {File System | Node.js v10.1.0 Documentation},
url = {https://nodejs.org/api/fs.html#fs_fs_watch_filename_options_listener},
month = {},
year = {}
}
@misc{FSCave,
author = {},
title = {File System | Node.js v10.1.0 Documentation},
url = {https://nodejs.org/api/fs.html#fs_caveats},
month = {},
year = {}
}
@misc{FSArgument,
author = {},
title = {File System | Node.js v10.1.0 Documentation},
url = {https://nodejs.org/api/fs.html#fs_filename_argument},
month = {},
year = {}
}
@misc{FSFired,
author = {},
title = {node.js - fs.watch fired twice when I change the watched file - Stack Overflow},
url = {https://stackoverflow.com/questions/12978924/fs-watch-fired-twice-when-i-change-the-watched-file},
month = {},
year = {}
}
@misc{FSWatchFile,
author = {},
title = {File System | Node.js v10.1.0 Documentation},
url = {https://nodejs.org/api/fs.html#fs_fs_watchfile_filename_options_listener},
month = {},
year = {}
}
@misc{Filewatcher,
author = {},
title = {filewatcher - npm},
url = {https://www.npmjs.com/package/filewatcher},
month = {},
year = {}
}
@misc{NodeSentinel,
author = {},
title = {Introducing Node Sentinel File Watcher},
url = {https://blog.axosoft.com/nsfw/},
month = {},
year = {}
}
@misc{NSFW,
author = {},
title = {GitHub - Axosoft/nsfw: A super fast and scaleable file watcher that provides a consistent interface on Linux, OSX and Windows},
url = {https://github.com/Axosoft/nsfw},
month = {},
year = {}
}
@misc{NSFWAPI,
author = {},
title = {nsfw/docs at master · Axosoft/nsfw · GitHub},
url = {https://github.com/Axosoft/nsfw/tree/master/docs},
month = {},
year = {}
}
@misc{NSFWIssues,
author = {},
title = {Issues · Axosoft/nsfw · GitHub},
url = {https://github.com/Axosoft/nsfw/issues},
month = {},
year = {}
}
@misc{Chokidar,
author = {},
title = {GitHub - paulmillr/chokidar: A neat wrapper around node.js fs.watch / fs.watchFile / fsevents.},
url = {https://github.com/paulmillr/chokidar},
month = {},
year = {}
}
@misc{ChokidarAPI,
author = {},
title = {GitHub - paulmillr/chokidar: A neat wrapper around node.js fs.watch / fs.watchFile / fsevents.},
url = {https://github.com/paulmillr/chokidar#api},
month = {},
year = {}
}
@misc{ChokidarMethods,
author = {},
title = {GitHub - paulmillr/chokidar: A neat wrapper around node.js fs.watch / fs.watchFile / fsevents.},
url = {https://github.com/paulmillr/chokidar#methods--events},
month = {},
year = {}
}
@misc{ChokidarIssues,
author = {},
title = {Issues · paulmillr/chokidar · GitHub},
url = {https://github.com/paulmillr/chokidar/issues},
month = {},
year = {}
}
@misc{Socketio,
author = {},
title = {GitHub - socketio/socket.io: Realtime application framework (Node.JS server)},
url = {https://github.com/socketio/socket.io},
month = {},
year = {}
}
@misc{SocketioIssues,
author = {},
title = {Issues · socketio/socket.io · GitHub},
url = {https://github.com/socketio/socket.io/issues},
month = {},
year = {}
}
@misc{SocketioDocs,
author = {},
title = {Socket.IO — Docs},
url = {https://socket.io/docs/},
month = {},
year = {}
}
@misc{Ajax,
author = {},
title = {Ajax - Developer guides | MDN},
url = {https://developer.mozilla.org/en-US/docs/Web/Guide/AJAX},
month = {},
year = {}
}
@misc{AjaxWhatis,
author = {},
title = {IBM Knowledge Center - What is Ajax?},
url = {https://www.ibm.com/support/knowledgecenter/SSRTLW_8.5.1/com.ibm.etools.webtoolscore.doc/topics/cajax.html},
month = {},
year = {}
}
@misc{WebSockets,
author = {},
title = {WebSockets - Glossary | MDN},
url = {https://developer.mozilla.org/en-US/docs/Glossary/WebSockets},
month = {},
year = {}
}
@misc{XMLHttp,
author = {},
title = {XMLHttpRequest - Web APIs | MDN},
url = {https://developer.mozilla.org/en-US/docs/Web/API/XMLHttpRequest},
month = {},
year = {}
}
@misc{Plotlyjs,
author = {},
title = {GitHub - plotly/plotly.js: The open source JavaScript graphing library that powers plotly},
url = {https://github.com/plotly/plotly.js/},
month = {},
year = {}
}
@misc{D3js,
author = {},
title = {D3.js-based Line Charts In Plotly.js | Examples | Plotly},
url = {https://plot.ly/javascript/line-charts/},
month = {},
year = {}
}
@misc{PieCharts,
author = {},
title = {Javascript Graphing Library D3.js-based Pie Charts | Examples | Plotly},
url = {https://plot.ly/javascript/pie-charts/},
month = {},
year = {}
}
@misc{PlotlyjsReference,
author = {},
title = {plotly.js chart attribute reference},
url = {https://plot.ly/javascript/reference/},
month = {},
year = {}
}
@misc{D3Home,
author = {},
title = {Home · d3/d3 Wiki · GitHub},
url = {https://github.com/d3/d3/wiki},
month = {},
year = {}
}
@misc{D3Intro,
author = {},
title = {D3.js - Data-Driven Documents},
url = {https://d3js.org/#introduction},
month = {},
year = {}
}
@misc{LineChart,
author = {},
title = {Line Chart  |  Charts  |  Google Developers},
url = {https://google-developers.appspot.com/chart/interactive/docs/gallery/linechart},
month = {},
year = {}
}
@misc{GooglePie,
author = {},
title = {Visualization: Pie Chart  |  Charts  |  Google Developers},
url = {https://google-developers.appspot.com/chart/interactive/docs/gallery/piechart},
month = {},
year = {}
}
@misc{GoogleCharts,
author = {},
title = {Using Google Charts  |  Charts  |  Google Developers},
url = {https://google-developers.appspot.com/chart/interactive/docs/},
month = {},
year = {}
}
@misc{Chartjs,
author = {},
title = {Chart.js | Open source HTML5 Charts for your website},
url = {https://www.chartjs.org/},
month = {},
year = {}
}
@misc{ChartsjsMulti,
author = {},
title = {javascript - Chart.js - How to draw multiple graphs in one canvas? - Stack Overflow},
url = {https://stackoverflow.com/questions/49658975/chart-js-how-to-draw-multiple-graphs-in-one-canvas},
month = {},
year = {}
}
@misc{JSON,
author = {},
title = {JSON Introduction},
url = {https://www.w3schools.com/js/js_json_intro.asp},
month = {},
year = {}
}
@misc{JSONIntro,
author = {},
title = {JSON},
url = {https://www.json.org/},
month = {},
year = {}
}
@misc{JSONMDN,
author = {},
title = {JSON - JavaScript | MDN},
url = {https://developer.mozilla.org/en-US/docs/Web/JavaScript/Reference/Global_Objects/JSON},
month = {},
year = {}
}
@misc{CSV,
author = {},
title = {RFC 4180 - Common Format and MIME Type for Comma-Separated Values (CSV) Files},
url = {https://tools.ietf.org/html/rfc4180},
month = {},
year = {}
}
@misc{ExpressValidator,
author = {},
title = {GitHub - express-validator/express-validator: An express.js middleware for node-validator.},
url = {https://github.com/express-validator/express-validator},
month = {},
year = {}
}
@misc{ConnectFlash,
author = {},
title = {GitHub - jaredhanson/connect-flash: Flash message middleware for Connect and Express.},
url = {https://github.com/jaredhanson/connect-flash},
month = {},
year = {}
}
@misc{ExpressMessages,
author = {},
title = {GitHub - expressjs/express-messages: Express flash notification message rendering},
url = {https://github.com/expressjs/express-messages},
month = {},
year = {}
}
@misc{Passport,
author = {},
title = {Passport.js},
url = {http://www.passportjs.org/},
month = {},
year = {}
}
@misc{Passportjs,
author = {},
title = {passport - npm},
url = {https://www.npmjs.com/package/passport},
month = {},
year = {}
}
@misc{bcryptjs,
author = {},
title = {bcryptjs - npm},
url = {https://www.npmjs.com/package/bcryptjs},
month = {},
year = {}
}
@misc{ExpressLearn,
author = {},
title = {Express web framework (Node.js/JavaScript) - Learn web development | MDN},
url = {https://developer.mozilla.org/en-US/docs/Learn/Server-side/Express_Nodejs},
month = {},
year = {}
}
@misc{Mongo,
author = {},
title = {Install MongoDB Community Edition on Windows — MongoDB Manual 3.6},
url = {https://docs.mongodb.com/manual/tutorial/install-mongodb-on-windows/},
month = {},
year = {}
}
@misc{Bower,
author = {},
title = {Bower — a package manager for the web},
url = {https://bower.io/},
month = {},
year = {}
}
@misc{PugBootstrap,
author = {},
title = {pug-bootstrap - npm},
url = {https://www.npmjs.com/package/pug-bootstrap},
month = {},
year = {}
}
@misc{Cookies,
author = {},
title = {cookie-session - npm},
url = {https://www.npmjs.com/package/cookie-session},
month = {},
year = {}
}
@misc{FontAwesome,
author = {},
title = {Font Awesome},
url = {https://fontawesome.com/},
month = {},
year = {}
}
@misc{HSNdesign,
author = {},
title = {HSN\_designmanual.pdf},
url = {https://www.usn.no/getfile.php/13439395/usn.no/filer/om_USN/Logo%20og%20grafiske%20elementer/HSN_designmanual.pdf},
month = {},
year = {}
}
@misc{MobileFirst,
author = {},
title = {What is Mobile First Design? Why It's Important \& How To Make It?},
url = {https://www.mockplus.com/blog/post/mobile-first-design},
month = {},
year = {}
}
@misc{TCP,
author = {},
title = {Transmission Control Protocol - Wikipedia},
url = {https://en.wikipedia.org/wiki/Transmission_Control_Protocol},
month = {},
year = {}
}
@misc{Triage,
author = {},
title = {Triage},
url = {https://en.wikipedia.org/wiki/Triage},
month = {},
year = {}
}
@misc{Msdn, 
title={Msdn}, 
url = {https://msdn.microsoft.com/en-us/library/aa365261(v=vs.85).aspx}, 
year={}, 
month={}
}
<<<<<<< HEAD
@misc{UDP,
author = {},
title = {UDP – Wikipedia},
url = {https://no.wikipedia.org/wiki/UDP},
month = {},
year = {}
=======
@misc{ECMA, 
title={Standard ECMA-262, 8th Edition / June 2017, ECMAscript 2017 Language Spesification}, 
url={https://www.ecma-international.org/publications/files/ECMA-ST/Ecma-262.pdf}, 
year={}, 
month={}
>>>>>>> 81e3f084bf358ecacb6bd76bd28dbb3c0bcd06b0
}
@misc{Risk,
author = {},
title = {Avoid, Accept, or Transfer? Understanding and Managing Risk | News | Cowan Insurance Group},
howpublished = {\url{https://www.cowangroup.ca/en/news/article/avoid-accept-or-transfer-understanding-and-managing-risk/}},
month = {},
year = {},
note = {(Accessed on 05/21/2018)}
}
@misc{PocketLab, 
title={PocketLab}, 
url={https://www.thepocketlab.com/}, 
year={}, 
month={}
}